<?xml version='1.0' encoding='utf-8'?>
<record xmlns="http://www.loc.gov/MARC21/slim" xmlns:xsi="http://www.w3.org/2001/XMLSchema-instance">
  <leader>00000nmm^a22^^^^^^a^4500</leader>
  <controlfield tag="001">012825046</controlfield>
  <controlfield tag="005">20151119112356.0</controlfield>
  <controlfield tag="007">cu^nua---uuuuu</controlfield>
  <controlfield tag="008">070226r20141979miu^^^^^^^^h^^^^^^^^eng^d</controlfield>
  <datafield tag="040" ind1=" " ind2=" ">
    <subfield code="a">MiU</subfield>
    <subfield code="c">MiU</subfield>
  </datafield>
  <datafield tag="041" ind1="0" ind2=" ">
    <subfield code="a">eng</subfield>
    <subfield code="a">tgl</subfield>
    <subfield code="a">ceb</subfield>
    <subfield code="a">ilo</subfield>
  </datafield>
  <datafield tag="110" ind1="2" ind2=" ">
    <subfield code="a">University of Michigan.</subfield>
    <subfield code="b">Center for South and Southeast Asian Studies.</subfield>
  </datafield>
  <datafield tag="245" ind1="1" ind2="0">
    <subfield code="a">Oral histories of early Filipino migrants to Hawaii</subfield>
    <subfield code="h">[electronic resource] :</subfield>
    <subfield code="b">in particular those who had joined the Filipino Federation of America (founded by Hilario Camino Moncado in 1925 in Los Angeles) /</subfield>
    <subfield code="c">interviewed by Michael Cullinane, Steffi San Buenaventura, and Fe Susan Go.</subfield>
  </datafield>
  <datafield tag="260" ind1=" " ind2=" ">
    <subfield code="a">[Ann Arbor, Mich. :</subfield>
    <subfield code="b">Digital Library Production Service (DLPS), University of Michigan,</subfield>
    <subfield code="c">2014]</subfield>
  </datafield>
  <datafield tag="300" ind1=" " ind2=" ">
    <subfield code="a">2.99 GB (online)</subfield>
  </datafield>
  <datafield tag="500" ind1=" " ind2=" ">
    <subfield code="a">Title supplied by cataloger.</subfield>
  </datafield>
  <datafield tag="500" ind1=" " ind2=" ">
    <subfield code="a">Analog sound recordings are cataloged separately.</subfield>
  </datafield>
  <datafield tag="546" ind1=" " ind2=" ">
    <subfield code="a">English, Tagalog; some Cebuano and Ilocano.</subfield>
  </datafield>
  <datafield tag="538" ind1=" " ind2=" ">
    <subfield code="a">Files copied to an external hard drive (formatted for a FAT32 Windows computer) from an external hard drive (formatted for a Mac (HFS)) of digitized audio cassettes. Originally recorded on 50 audio cassettes in Hawaii Aug. 1-Oct. 10, 1979. Computer and earphones needed to access interviews.</subfield>
  </datafield>
  <datafield tag="520" ind1="2" ind2=" ">
    <subfield code="a">Oral history interviews collected as part of a project of the University of Michigan Center for South and Southeast Asian Studies, funded by the Henry Luce Foundation, on "U.S.-Philippine Interactions as Reflected in Oral Histories." Interviews were conducted by 3 graduate students: Michael Cullinane (Doctoral Candidate, History, University of Michigan), Steffi San Buenaventura (Doctoral Candidate, American Studies, University of Hawaii), and Fe Susan Go (Masters candidate, South East Asian Studies, University of Michigan). Interviewees included 17 early Filipino migrants to Hawaii and members of the Filipino Federation of America.</subfield>
  </datafield>
  <datafield tag="505" ind1="0" ind2="0">
    <subfield code="t">Alfonso Nagal 31 Aug 1979 [5 cassettes] --</subfield>
    <subfield code="t">Antonio Cagas 2 Oct 1979 [2 cassettes] --</subfield>
    <subfield code="t">Arcadio Amper 10 Sept 1979 [4 cassettes] --</subfield>
    <subfield code="t">Candido Tumacder 16 Aug 1979 [2 cassettes] --</subfield>
    <subfield code="t">Casimera Tampan 30 Sept 1979 [2 cassettes] --</subfield>
    <subfield code="t">F Felipe 24 Aug 1979 [3 cassettes] --</subfield>
    <subfield code="t">Felipe Madarang 10 Oct 1979 [4 cassettes] --</subfield>
    <subfield code="a">Filomena and Antonio Cagas 2 Oct 1979 [1 cassette] --</subfield>
    <subfield code="t">Herman Andaya 17 Aug 1979 [3 cassettes] --</subfield>
    <subfield code="t">Marcario Urbistondo 23 Sept 1979 [7 cassettes] --</subfield>
    <subfield code="t">Napoleon Agasid 16 Aug 1979 [4 cassettes] --</subfield>
    <subfield code="t">P Medico 27 Aug 1979 [2 cassettes] --</subfield>
    <subfield code="t">Romano and Veronica Rivera 10 Aug 1979 [2 cassettes] --</subfield>
    <subfield code="t">S Foronda 16 Sept 1979 [6 [i.e. 5] cassettes] --</subfield>
    <subfield code="t">T Bareng 1 Aug 1979 [4 cassettes]</subfield>
  </datafield>
  <datafield tag="600" ind1="1" ind2="0">
    <subfield code="a">Nagal, Alfonso D.,</subfield>
    <subfield code="d">1911-</subfield>
    <subfield code="v">Interviews.</subfield>
  </datafield>
  <datafield tag="600" ind1="1" ind2="0">
    <subfield code="a">Cagas, Antonio B.,</subfield>
    <subfield code="d">1893-1991</subfield>
    <subfield code="v">Interviews.</subfield>
  </datafield>
  <datafield tag="600" ind1="1" ind2="0">
    <subfield code="a">Amper, Arcadio,</subfield>
    <subfield code="d">1899-1995</subfield>
    <subfield code="v">Interviews.</subfield>
  </datafield>
  <datafield tag="600" ind1="1" ind2="0">
    <subfield code="a">Tumacder, Candido,</subfield>
    <subfield code="d">1906-2001</subfield>
    <subfield code="v">Interviews.</subfield>
  </datafield>
  <datafield tag="600" ind1="1" ind2="0">
    <subfield code="a">Tampan, Casimera</subfield>
    <subfield code="v">Interviews.</subfield>
  </datafield>
  <datafield tag="600" ind1="1" ind2="0">
    <subfield code="a">Felipe, F.</subfield>
    <subfield code="v">Interviews.</subfield>
  </datafield>
  <datafield tag="600" ind1="1" ind2="0">
    <subfield code="a">Madarang, Felipe A.,</subfield>
    <subfield code="d">1910-1994</subfield>
    <subfield code="v">Interviews.</subfield>
  </datafield>
  <datafield tag="600" ind1="1" ind2="0">
    <subfield code="a">Cagas, Filomena A.,</subfield>
    <subfield code="d">19915-2005</subfield>
    <subfield code="v">Interviews.</subfield>
  </datafield>
  <datafield tag="600" ind1="1" ind2="0">
    <subfield code="a">Andaya, Herman</subfield>
    <subfield code="v">Interviews.</subfield>
  </datafield>
  <datafield tag="600" ind1="1" ind2="0">
    <subfield code="a">Urbistondo, Marcario</subfield>
    <subfield code="v">Interviews.</subfield>
  </datafield>
  <datafield tag="600" ind1="1" ind2="0">
    <subfield code="a">Agasid, Napoleon G.,</subfield>
    <subfield code="d">1908-1997</subfield>
    <subfield code="v">Interviews.</subfield>
  </datafield>
  <datafield tag="600" ind1="1" ind2="0">
    <subfield code="a">Medico, P.</subfield>
    <subfield code="v">Interviews.</subfield>
  </datafield>
  <datafield tag="600" ind1="1" ind2="0">
    <subfield code="a">Rivera, Romano</subfield>
    <subfield code="v">Interviews.</subfield>
  </datafield>
  <datafield tag="600" ind1="1" ind2="0">
    <subfield code="a">Rivera, Veronica</subfield>
    <subfield code="v">Interviews.</subfield>
  </datafield>
  <datafield tag="600" ind1="1" ind2="0">
    <subfield code="a">Foronda, S.</subfield>
    <subfield code="v">Interviews.</subfield>
  </datafield>
  <datafield tag="600" ind1="1" ind2="0">
    <subfield code="a">Bareng, T.</subfield>
    <subfield code="v">Interviews.</subfield>
  </datafield>
  <datafield tag="600" ind1="1" ind2="0">
    <subfield code="a">Moncado, Hilario Camino,</subfield>
    <subfield code="d">1898-1956.</subfield>
  </datafield>
  <datafield tag="650" ind1=" " ind2="0">
    <subfield code="a">Filipino Americans</subfield>
    <subfield code="z">Hawaii</subfield>
    <subfield code="v">Biography.</subfield>
  </datafield>
  <datafield tag="610" ind1="2" ind2="0">
    <subfield code="a">Filipino Federation of America.</subfield>
  </datafield>
  <datafield tag="650" ind1=" " ind2="0">
    <subfield code="a">Sugar workers</subfield>
    <subfield code="z">Hawaii</subfield>
    <subfield code="v">History.</subfield>
  </datafield>
  <datafield tag="655" ind1=" " ind2="7">
    <subfield code="a">Oral histories.</subfield>
    <subfield code="2">aat</subfield>
  </datafield>
  <datafield tag="655" ind1=" " ind2="7">
    <subfield code="a">Sound recordings.</subfield>
    <subfield code="2">aat</subfield>
  </datafield>
  <datafield tag="700" ind1="1" ind2=" ">
    <subfield code="a">Cullinane, Michael.</subfield>
  </datafield>
  <datafield tag="700" ind1="1" ind2=" ">
    <subfield code="a">San Buenaventura, Steffi.</subfield>
  </datafield>
  <datafield tag="700" ind1="1" ind2=" ">
    <subfield code="a">Go, Fe Susan.</subfield>
  </datafield>
  <datafield tag="700" ind1="1" ind2=" ">
    <subfield code="a">Nagal, Alfonso D.,</subfield>
    <subfield code="d">1911-</subfield>
  </datafield>
  <datafield tag="700" ind1="1" ind2=" ">
    <subfield code="a">Cagas, Antonio B.,</subfield>
    <subfield code="d">1893-1991.</subfield>
  </datafield>
  <datafield tag="700" ind1="1" ind2=" ">
    <subfield code="a">Amper, Arcadio,</subfield>
    <subfield code="d">1899-1995.</subfield>
  </datafield>
  <datafield tag="700" ind1="1" ind2=" ">
    <subfield code="a">Tumacder, Candido,</subfield>
    <subfield code="d">1906-2001.</subfield>
  </datafield>
  <datafield tag="700" ind1="1" ind2=" ">
    <subfield code="a">Tampan, Casimera.</subfield>
  </datafield>
  <datafield tag="700" ind1="1" ind2=" ">
    <subfield code="a">Felipe, F.</subfield>
  </datafield>
  <datafield tag="700" ind1="1" ind2=" ">
    <subfield code="a">Madarang, Felipe A.,</subfield>
    <subfield code="d">1910-1994.</subfield>
  </datafield>
  <datafield tag="700" ind1="1" ind2=" ">
    <subfield code="a">Cagas, Filomena A.,</subfield>
    <subfield code="d">19915-2005.</subfield>
  </datafield>
  <datafield tag="700" ind1="1" ind2=" ">
    <subfield code="a">Andaya, Herman.</subfield>
  </datafield>
  <datafield tag="700" ind1="1" ind2=" ">
    <subfield code="a">Urbistondo, Marcario.</subfield>
  </datafield>
  <datafield tag="700" ind1="1" ind2=" ">
    <subfield code="a">Agasid, Napoleon G.,</subfield>
    <subfield code="d">1908-1997.</subfield>
  </datafield>
  <datafield tag="700" ind1="1" ind2=" ">
    <subfield code="a">Medico, P.</subfield>
  </datafield>
  <datafield tag="700" ind1="1" ind2=" ">
    <subfield code="a">Rivera, Romano.</subfield>
  </datafield>
  <datafield tag="700" ind1="1" ind2=" ">
    <subfield code="a">Rivera, Veronica.</subfield>
  </datafield>
  <datafield tag="700" ind1="1" ind2=" ">
    <subfield code="a">Foronda, S.</subfield>
  </datafield>
  <datafield tag="700" ind1="1" ind2=" ">
    <subfield code="a">Bareng, T.</subfield>
  </datafield>
  <datafield tag="710" ind1="2" ind2=" ">
    <subfield code="a">Henry Luce Foundation.</subfield>
  </datafield>
  <datafield tag="710" ind1="2" ind2=" ">
    <subfield code="a">University of Michigan.</subfield>
    <subfield code="b">Digital Library Production Service.</subfield>
  </datafield>
  <datafield tag="740" ind1="0" ind2="2">
    <subfield code="a">U.S.-Philippine Interactions as Reflected in Oral Histories.</subfield>
  </datafield>
  <datafield tag="856" ind1="4" ind2="2">
    <subfield code="3">Digital files:</subfield>
    <subfield code="u">http://deepblue.lib.umich.edu/handle/2027.42/107458</subfield>
  </datafield>
  <datafield tag="852" ind1="8" ind2=" ">
    <subfield code="a">MiU</subfield>
    <subfield code="b">BENT</subfield>
    <subfield code="h">2014061 Bimu C539 2</subfield>
  </datafield>
  <datafield tag="997" ind1=" " ind2=" ">
    <subfield code="a">MARS</subfield>
  </datafield>
  <datafield tag="998" ind1=" " ind2=" ">
    <subfield code="c">bdede-pcu OrigCatMono 20140513</subfield>
  </datafield>
  <datafield tag="LKR" ind1=" " ind2=" ">
    <subfield code="a">UP</subfield>
    <subfield code="b">2743331</subfield>
    <subfield code="l">MIU01</subfield>
    <subfield code="r">773</subfield>
    <subfield code="m">Oral histories of early Filipino migrants to Hawaii in particular those who had joined the Filipino Federation of America (founded by Hilario Camino Moncado in 1925 in Los Angeles) /</subfield>
    <subfield code="n">Luce Philippine Project interviews,</subfield>
  </datafield>
  <datafield tag="955" ind1=" " ind2=" ">
    <subfield code="b">BENT</subfield>
    <subfield code="p">B6477336</subfield>
    <subfield code="z">Alfonso Nagal 31 Aug 1979 [5 cassettes]</subfield>
  </datafield>
  <datafield tag="955" ind1=" " ind2=" ">
    <subfield code="b">BENT</subfield>
    <subfield code="p">B6477339</subfield>
    <subfield code="z">Antonio Cagas 2 Oct 1979 [2 cassettes]</subfield>
  </datafield>
  <datafield tag="955" ind1=" " ind2=" ">
    <subfield code="b">BENT</subfield>
    <subfield code="p">B6477341</subfield>
    <subfield code="z">Arcadio Amper 10 Sept 1979 [4 cassettes]</subfield>
  </datafield>
  <datafield tag="955" ind1=" " ind2=" ">
    <subfield code="b">BENT</subfield>
    <subfield code="p">B6477344</subfield>
    <subfield code="z">Candido Tumacder 16 Aug 1979 [2 cassettes]</subfield>
  </datafield>
  <datafield tag="955" ind1=" " ind2=" ">
    <subfield code="b">BENT</subfield>
    <subfield code="p">B6477347</subfield>
    <subfield code="z">Casimera Tampan 30 Sept 1979 [2 cassettes]</subfield>
  </datafield>
  <datafield tag="955" ind1=" " ind2=" ">
    <subfield code="b">BENT</subfield>
    <subfield code="p">B6477348</subfield>
    <subfield code="z">F Felipe 24 Aug 1979 [3 cassettes]</subfield>
  </datafield>
  <datafield tag="955" ind1=" " ind2=" ">
    <subfield code="b">BENT</subfield>
    <subfield code="p">B6477349</subfield>
    <subfield code="z">Felipe Madarang 10 Oct 1979 [4 cassettes]</subfield>
  </datafield>
  <datafield tag="955" ind1=" " ind2=" ">
    <subfield code="b">BENT</subfield>
    <subfield code="p">B6477351</subfield>
    <subfield code="z">Filomena and Antonio Cagas 2 Oct 1979 [1 cassette]</subfield>
  </datafield>
  <datafield tag="955" ind1=" " ind2=" ">
    <subfield code="b">BENT</subfield>
    <subfield code="p">B6477352</subfield>
    <subfield code="z">Herman Andaya 17 Aug 1979 [3 cassettes]</subfield>
  </datafield>
  <datafield tag="955" ind1=" " ind2=" ">
    <subfield code="b">BENT</subfield>
    <subfield code="p">B6477353</subfield>
    <subfield code="z">Marcario Urbistondo 23 Sept 1979 [7 cassettes]</subfield>
  </datafield>
  <datafield tag="955" ind1=" " ind2=" ">
    <subfield code="b">BENT</subfield>
    <subfield code="p">B6477354</subfield>
    <subfield code="z">Napoleon Agasid 16 Aug 1979 [4 cassettes]</subfield>
  </datafield>
  <datafield tag="955" ind1=" " ind2=" ">
    <subfield code="b">BENT</subfield>
    <subfield code="p">B6477355</subfield>
    <subfield code="z">P Medico 27 Aug 1979 [2 cassettes]</subfield>
  </datafield>
  <datafield tag="955" ind1=" " ind2=" ">
    <subfield code="b">BENT</subfield>
    <subfield code="p">B6477357</subfield>
    <subfield code="z">Romano and Veronica Rivera 10 Aug 1979 [2 cassettes]</subfield>
  </datafield>
  <datafield tag="955" ind1=" " ind2=" ">
    <subfield code="b">BENT</subfield>
    <subfield code="p">B6477358</subfield>
    <subfield code="z">S Foronda 16 Sept 1979 [6 [i.e. 5] cassettes]</subfield>
  </datafield>
  <datafield tag="955" ind1=" " ind2=" ">
    <subfield code="b">BENT</subfield>
    <subfield code="p">B6477359</subfield>
    <subfield code="z">T Bareng 1 Aug 1979 [4 cassettes]</subfield>
  </datafield>
</record>
